<?xml version="1.0" encoding="UTF-8"?><record xmlns="http://www.loc.gov/MARC21/slim" xmlns:cinclude="http://apache.org/cocoon/include/1.0" xmlns:zs="http://www.loc.gov/zing/srw/">
  <leader>00366nz  a2200121n  4500</leader>
  <controlfield tag="001">n  85825960 </controlfield>
  <controlfield tag="003">DLC</controlfield>
  <controlfield tag="005">19851120101459.7</controlfield>
  <controlfield tag="008">851120n| acannaab|          |n aad |||  </controlfield>
  <datafield tag="010" ind1=" " ind2=" ">
    <subfield code="a">n  85825960 </subfield>
  </datafield>
  <datafield tag="040" ind1=" " ind2=" ">
    <subfield code="a">DLC</subfield>
    <subfield code="c">DLC</subfield>
  </datafield>
  <datafield tag="100" ind1="1" ind2="0">
    <subfield code="a">Alvarez, W.</subfield>
  </datafield>
  <datafield tag="670" ind1=" " ind2=" ">
    <subfield code="a">nuc85-73272: Simpson, D.W. Induced seismicity at Toktogul ... 1983</subfield>
    <subfield code="b">(hdg. on DI rept.: Alvarez, W.; usage: W. Alvarez)</subfield>
  </datafield>
</record>